
@book{andersonOptimalFiltering1979,
  title = {Optimal {{Filtering}}},
  author = {Anderson, B. D. O. and Moore, John B.},
  year = {1979},
  publisher = {{Dover Publications}},
  pagetotal = {368}
}

@book{simonOptimalStateEstimation2006,
  title = {Optimal {{State Estimation}}: {{Kalman}}, {{H Infinity}} and {{Nonlinear Approaches}}},
  author = {Simon, Dan},
  year = {2006},
  publisher = {{Wiley-Interscience}},
  isbn = {978-0-471-70858-2},
  pagetotal = {526}
}

@book{haugBayesianEstimationTracking2012,
  title = {Bayesian {{Estimation}} and {{Tracking}}: {{A Practical Guide}}},
  author = {Haug, Anton J},
  year = {2012},
  publisher = {{John Wiley \& Sons}}
}

@book{mutambaraDecentralizedEstimationControl1998,
  title = {Decentralized {{Estimation}} and {{Control}} for {{Multisensor Systems}}},
  author = {Mutambara, Arthur G. O.},
  year = {1998},
  publisher = {{CRC press}},
  isbn = {978-1-315-14080-3}
}

@book{ligginsDistributedDataFusion2012,
  title = {Distributed {{Data Fusion}} for {{Network-Centric Operations}}},
  author = {Liggins, M. and Chong, C. Y. and Hall, D. and Llinas, J.},
  year = {2012},
  publisher = {{CRC Press}},
  isbn = {978-1-4398-5830-1}
}

@article{bar-shalomTracktotrackCorrelationProblem1981,
  title = {On {{The Track}}-to-Track {{Correlation Problem}}},
  author = {{Bar-Shalom}, Y.},
  year = {1981},
  volume = {26},
  pages = {571--572},
  issn = {2334-3303},
  doi = {10.1109/TAC.1981.1102635},
  journal = {IEEE Transactions on Automatic Control},
  number = {2}
}

@article{sunMultisensorOptimalInformation2004,
  title = {Multi-Sensor {{Optimal Information Fusion Kalman Filter}}},
  author = {Sun, S. L. and Deng, Z. L.},
  year = {2004},
  volume = {40},
  pages = {1017--1023},
  issn = {0005-1098},
  doi = {10.1016/j.automatica.2004.01.014},
  journal = {Automatica},
  number = {6}
}

@inproceedings{steinbringOptimalSamplebasedFusion2016,
  title = {Optimal {{Sample}}-Based {{Fusion}} for {{Distributed State Estimation}}},
  booktitle = {19th {{Intl. Conf.}} on {{Information Fusion}} ({{Fusion}} 2016)},
  author = {Steinbring, J. and Noack, B. and Reinhardt, M. and Hanebeck, U. D.},
  year = {2016},
  pages = {1600--1607}
}

@inproceedings{julierNondivergentEstimationAlgorithm1997,
  title = {A {{Non}}-Divergent {{Estimation Algorithm}} in the {{Presence}} of {{Unknown Correlations}}},
  booktitle = {American {{Control Conf.}} ({{ACC}} 1997)},
  author = {Julier, S. J. and Uhlmann, J. K.},
  year = {1997},
  volume = {4},
  pages = {2369--2373}
}

@article{noackDecentralizedDataFusion2017,
  title = {Decentralized Data Fusion with Inverse Covariance Intersection},
  author = {Noack, Benjamin and Sijs, Joris and Reinhardt, Marc and Hanebeck, Uwe D.},
  year = {2017},
  volume = {79},
  pages = {35--41},
  issn = {00051098},
  doi = {10.1016/j.automatica.2017.01.019},
  journal = {Automatica}
}

@inproceedings{niehsenInformationFusionBased2002,
  title = {Information {{Fusion Based On Fast Covariance Intersection Filtering}}},
  booktitle = {5th {{Intl. Conf.}} on {{Information Fusion}} ({{Fusion}} 2002)},
  author = {Niehsen, W.},
  year = {2002},
  volume = {2},
  pages = {901--904},
  doi = {10.1109/ICIF.2002.1020907}
}

@inproceedings{pfaffInformationFormDistributed2017,
  title = {Information {{Form Distributed Kalman Filtering}} ({{IDKF}}) with {{Explicit Inputs}}},
  booktitle = {20th {{Intl. Conf.}} on {{Information Fusion}} ({{Fusion}} 2017)},
  author = {Pfaff, F. and Noack, B. and Hanebeck, U. D. and Govaers, F. and Koch, W.},
  year = {2017},
  pages = {1--8},
  doi = {10.23919/ICIF.2017.8009724},
  isbn = {978-0-9964527-0-0}
}

@article{renSecurityChallengesPublic2012,
  title = {Security {{Challenges}} for the {{Public Cloud}}},
  author = {Ren, Kui and Wang, Cong and Wang, Qian},
  year = {2012},
  volume = {16},
  pages = {69--73},
  issn = {1089-7801},
  doi = {10.1109/MIC.2012.14},
  journal = {IEEE Internet Computing},
  number = {1}
}

@inproceedings{brennerSecretProgramExecution2011,
  title = {Secret {{Program Execution}} in the {{Cloud Applying Homomorphic Encryption}}},
  booktitle = {5th {{IEEE International Conference}} on {{Digital Ecosystems}} and {{Technologies}} ({{DEST}})},
  author = {Brenner, Michael and Wiebelitz, Jan and {von Voigt}, Gabriele and Smith, Matthew},
  year = {2011},
  pages = {114--119},
  doi = {10.1109/DEST.2011.5936608},
  isbn = {978-1-4577-0871-8}
}

@book{katzIntroductionModernCryptography2008,
  title = {Introduction to {{Modern Cryptography}}: {{Principles}} and {{Protocols}}},
  author = {Katz, J. and Lindell, Y.},
  year = {2008},
  publisher = {{Chapman \& Hall}},
  isbn = {978-1-4200-1075-6}
}

@article{risticSecureFastCovariance2021,
  title = {Secure {{Fast Covariance Intersection Using Partially Homomorphic}} and {{Order Revealing Encryption Schemes}}},
  author = {Ristic, Marko and Noack, Benjamin and Hanebeck, Uwe D.},
  year = {2021},
  journal = {IEEE Control Systems Letters},
  volume = {5},
  number = {1},
  pages = {217--222},
  issn = {2475-1456},
  doi = {10.1109/LCSYS.2020.3000649},
  eventtitle = {{{IEEE Control Systems Letters}}}
}

@article{shiPrivacyPreservingAggregationTimeSeries2011,
  title = {Privacy-{{Preserving Aggregation}} of {{Time-Series Data}}},
  author = {Shi, Elaine and Chan, T-H Hubert and Rieffel, Eleanor},
  year = {2011},
  journal = {Annual Network \& Distributed System Security Symposium (NDSS)},
  pages = {17}
}

@inproceedings{gentryFullyHomomorphicEncryption2009,
  title = {Fully {{Homomorphic Encryption Using Ideal Lattices}}},
  booktitle = {41st {{ACM Symposium}} on {{Theory}} of {{Computing}} ({{STOC}})},
  author = {Gentry, C.},
  year = {2009},
  pages = {169--178},
  doi = {10.1145/1536414.1536440},
  isbn = {978-1-60558-506-2}
}

@inproceedings{paillierPublicKeyCryptosystemsBased1999,
  title = {Public-{{Key Cryptosystems Based}} on {{Composite Degree Residuosity Classes}}},
  booktitle = {Annual {{Intl. Conf.}} on the {{Theory}} and {{Applications}} of {{Cryptographic Techniques}} ({{EUROCRYPT}})},
  author = {Paillier, P.},
  year = {1999},
  pages = {223--238},
  publisher = {{Springer}},
  isbn = {978-3-540-48910-8}
}

@inproceedings{alanwarPrOLocResilientLocalization2017,
  title = {{{PrOLoc}}: {{Resilient Localization}} with {{Private Observers Using Partial Homomorphic Encryption}}},
  booktitle = {16th {{ACM}}/{{IEEE International Conference}} on {{Information Processing}} in {{Sensor Networks}} ({{IPSN}})},
  author = {Alanwar, Amr and Shoukry, Yasser and Chakraborty, Supriyo and Martin, Paul and Tabuada, Paulo and Srivastava, Mani},
  year = {2017},
  pages = {41--52}
}

@inproceedings{aristovEncryptedMultisensorInformation2018,
  title = {Encrypted {{Multisensor Information Filtering}}},
  booktitle = {21st {{International Conference}} on {{Information Fusion}} ({{Fusion}} 2018)},
  author = {Aristov, M. and Noack, B. and Hanebeck, U. D. and MÃ¼ller-Quade, J.},
  year = {2018},
  pages = {1631--1637},
  location = {{Cambridge, UK}},
  doi = {10.23919/ICIF.2018.8455449},
  isbn = {978-0-9964527-6-2}
}

@inproceedings{alexandruEncryptedCooperativeControl2019,
  title = {Encrypted {{Cooperative Control Revisited}}},
  booktitle = {58th {{IEEE Conf.}} on {{Decision}} and {{Control}} ({{CDC}} 2019)},
  author = {Alexandru, A. B. and Darup, M. S. and Pappas, G. J.},
  year = {2019},
  volume = {58}
}

@book{oberstarFixedPointRepresentationFractional2007,
  title = {Fixed-{{Point Representation}} and {{Fractional Math}}},
  author = {Oberstar, E. L.},
  year = {2007},
  publisher = {{Oberstar Consulting}}
}

@article{alexandruPrivateWeightedSum2020,
  title = {Private {{Weighted Sum Aggregation}}},
  author = {Alexandru, Andreea B. and Pappas, George J.},
  year = {2021},
  journal = {IEEE Transactions on Control of Network Systems}
}

@misc{PythonPaillier2013,
  author = {CSIRO's Data61},
  title = {Python Paillier Library},
  year = {2013},
  publisher = {GitHub},
  journal = {GitHub Repository},
  howpublished = {\url{https://github.com/data61/python-paillier}}
}